@article{FGSM,
  title={Explaining and Harnessing Adversarial Examples},
  author={ Goodfellow, I. J.  and  Shlens, J.  and  Szegedy, C. },
  journal={Computer Science},
  year={2014},
}

% NonLocal2018: https://arxiv.org/pdf/1711.07971.pdf
@article{NonLocal2018,
  author =   {Xiaolong Wang and Ross Girshick and Abhinav Gupta and Kaiming He},
  title =    {Non-local Neural Networks},
  journal =  {CVPR},
  year =     {2018}
}